
@article{Derczynski2015,
author = {Derczynski, Leon and Maynard, Diana and Rizzo, Giuseppe and van Erp, Marieke and Gorrell, Genevieve and Troncy, Rapha\"{e}l and Petrak, Johann and Bontcheva, Kalina},
doi = {10.1016/j.ipm.2014.10.006},
file = {:Users/Killian1/Library/Application Support/Mendeley Desktop/Downloaded/Derczynski et al. - 2015 - Analysis of named entity recognition and linking for tweets.pdf:pdf},
issn = {03064573},
journal = {Information Processing \& Management},
keywords = {entity disambiguation,information extraction,named entity recognition},
number = {2},
pages = {32--49},
publisher = {Elsevier Ltd},
title = {{Analysis of named entity recognition and linking for tweets}},
url = {http://linkinghub.elsevier.com/retrieve/pii/S0306457314001034},
volume = {51},
year = {2015}
}
